@ARTICLE{Coughlin2008,
   author = {{Coughlin}, J.~L. and {Stringfellow}, G.~S. and {Becker}, A.~C. and {L{\'o}pez-Morales}, M. and {Mezzalira}, F. and {Krajci}, T.},
    title = "{New Observations and a Possible Detection of Parameter Variations in the Transits of Gliese 436b}",
  journal = {\apjl},
archivePrefix = "arXiv",
   eprint = {0809.1664},
 keywords = {Stars: Planetary Systems, stars: individual (Gliese 436)},
     year = 2008,
    month = dec,
   volume = 689,
    pages = {L149-L152},
      doi = {10.1086/595822},
   adsurl = {http://adsabs.harvard.edu/abs/2008ApJ...689L.149C},
  adsnote = {Provided by the SAO/NASA Astrophysics Data System}
}

@Article{ Borucki2011,
	author = "W.~J. {Borucki} and D.~G. {Koch} and G. {Basri} and N. {Batalha} and T.~M. {Brown} and S.~T. {Bryson} and D. {Caldwell} and J. {Christensen-Dalsgaard} and W.~D. {Cochran} and E. {DeVore} and E.~W. {Dunham} and III T.~N. {Gautier} and J.~C. {Geary} and R. {Gilliland} and A. {Gould} and S.~B. {Howell} and J.~M. {Jenkins} and D.~W. {Latham} and J.~J. {Lissauer} and G.~W. {Marcy} and J. {Rowe} and D. {Sasselov} and A. {Boss} and D. {Charbonneau} and D. {Ciardi} and L. {Doyle} and A.~K. {Dupree} and E.~B. {Ford} and J. {Fortney} and M.~J. {Holman} and S. {Seager} and J.~H. {Steffen} and J. {Tarter} and W.~F. {Welsh} and C. {Allen} and L.~A. {Buchhave} and J.~L. {Christiansen} and B.~D. {Clarke} and S. {Das} and J.-M. {D{\'e}sert} and M. {Endl} and D. {Fabrycky} and F. {Fressin} and M. {Haas} and E. {Horch} and A. {Howard} and H. {Isaacson} and H. {Kjeldsen} and J. {Kolodziejczak} and C. {Kulesa} and J. {Li} and P.~W. {Lucas} and P. {Machalek} and D. {McCarthy} and P. {MacQueen} and S. {Meibom} and 
	T. {Miquel} and A. {Prsa} and S.~N. {Quinn} and E.~V. {Quintana} and D. {Ragozzine} and W. {Sherry} and A. {Shporer} and P. {Tenenbaum} and G. {Torres} and J.~D. {Twicken} and J. {Van Cleve} and L. {Walkowicz} and F.~C. {Witteborn} and M. {Still}",
	title = "{Characteristics of Planetary Candidates Observed by Kepler. II. Analysis of the First Four Months of Data}",
	journal = "\apj",
	archivePrefix = "arXiv",
	eprint = "1102.0541",
	primaryClass = "astro-ph.EP",
	keywords = "planetary systems, stars: statistics, planets and satellites: detection, surveys",
	year = 2011,
	month = jul,
	volume = 736,
	pages = "19--+",
	doi = "10.1088/0004-637X/736/1/19",
	adsurl = "http://adsabs.harvard.edu/abs/2011ApJ...736...19B",
	adsnote = "Provided by the SAO/NASA Astrophysics Data System"
}
